%YAML 1.1
%TAG !u! tag:unity3d.com,2011:
--- !u!1001 &100100000
Prefab:
  m_ObjectHideFlags: 1
  serializedVersion: 2
  m_Modification:
    m_TransformParent: {fileID: 0}
    m_Modifications: []
    m_RemovedComponents: []
  m_SourcePrefab: {fileID: 0}
  m_RootGameObject: {fileID: 1957598758551960}
  m_IsPrefabAsset: 1
--- !u!1 &1957598758551960
GameObject:
  m_ObjectHideFlags: 0
  m_CorrespondingSourceObject: {fileID: 0}
  m_PrefabInternal: {fileID: 100100000}
  serializedVersion: 6
  m_Component:
  - component: {fileID: 4520022764474186}
  - component: {fileID: 212372896061435200}
  - component: {fileID: 114105582496927046}
  - component: {fileID: 114744718640875772}
  - component: {fileID: 114028913669978984}
  - component: {fileID: 114493165088318892}
  - component: {fileID: 114188015625878474}
  m_Layer: 0
  m_Name: KingPistal
  m_TagString: Untagged
  m_Icon: {fileID: 0}
  m_NavMeshLayer: 0
  m_StaticEditorFlags: 0
  m_IsActive: 1
--- !u!4 &4520022764474186
Transform:
  m_ObjectHideFlags: 1
  m_CorrespondingSourceObject: {fileID: 0}
  m_PrefabInternal: {fileID: 100100000}
  m_GameObject: {fileID: 1957598758551960}
  m_LocalRotation: {x: 0, y: 0, z: 0, w: 1}
  m_LocalPosition: {x: 0, y: 0, z: 0}
  m_LocalScale: {x: 1, y: 1, z: 1}
  m_Children: []
  m_Father: {fileID: 0}
  m_RootOrder: 0
  m_LocalEulerAnglesHint: {x: 0, y: 0, z: 0}
--- !u!114 &114028913669978984
MonoBehaviour:
  m_ObjectHideFlags: 1
  m_CorrespondingSourceObject: {fileID: 0}
  m_PrefabInternal: {fileID: 100100000}
  m_GameObject: {fileID: 1957598758551960}
  m_Enabled: 1
  m_EditorHideFlags: 0
  m_Script: {fileID: 11500000, guid: 010eb6b0de3b1464a9fbd4cfa8e0d73b, type: 3}
  m_Name: 
  m_EditorClassIdentifier: 
  objectToBePooled: {fileID: 1528535646041382, guid: 141eb40c2401e49668400f60f59cc89f,
    type: 2}
  startAmount: 10
--- !u!114 &114105582496927046
MonoBehaviour:
  m_ObjectHideFlags: 1
  m_CorrespondingSourceObject: {fileID: 0}
  m_PrefabInternal: {fileID: 100100000}
  m_GameObject: {fileID: 1957598758551960}
  m_Enabled: 1
  m_EditorHideFlags: 0
  m_Script: {fileID: 11500000, guid: aa384ca6a0f814c9c940ed3f1e41b0cc, type: 3}
  m_Name: 
  m_EditorClassIdentifier: 
  guns:
  - {fileID: 114493165088318892}
--- !u!114 &114188015625878474
MonoBehaviour:
  m_ObjectHideFlags: 1
  m_CorrespondingSourceObject: {fileID: 0}
  m_PrefabInternal: {fileID: 100100000}
  m_GameObject: {fileID: 1957598758551960}
  m_Enabled: 1
  m_EditorHideFlags: 0
  m_Script: {fileID: 11500000, guid: a3c315cb146664db9a4fd73ad8e2dddb, type: 3}
  m_Name: 
  m_EditorClassIdentifier: 
  clip: {fileID: 8300000, guid: 2268ff495ffbcf341b81106c95e18d26, type: 3}
  source: {fileID: 0}
--- !u!114 &114493165088318892
MonoBehaviour:
  m_ObjectHideFlags: 1
  m_CorrespondingSourceObject: {fileID: 0}
  m_PrefabInternal: {fileID: 100100000}
  m_GameObject: {fileID: 1957598758551960}
  m_Enabled: 1
  m_EditorHideFlags: 0
  m_Script: {fileID: 11500000, guid: d48eaa1c657484e0bbe8310f188f96e4, type: 3}
  m_Name: 
  m_EditorClassIdentifier: 
  ammoPool: {fileID: 114028913669978984}
  maxAmmo: 100
  burstCount: 1
  fireRate: 20
  burstDelay: 0.1
  bulletOffset: {x: 0, y: 0, z: 0}
--- !u!114 &114744718640875772
MonoBehaviour:
  m_ObjectHideFlags: 1
  m_CorrespondingSourceObject: {fileID: 0}
  m_PrefabInternal: {fileID: 100100000}
  m_GameObject: {fileID: 1957598758551960}
  m_Enabled: 1
  m_EditorHideFlags: 0
  m_Script: {fileID: 11500000, guid: 26c5981bc0d9a4f4b939c0ca4b74b4ed, type: 3}
  m_Name: 
  m_EditorClassIdentifier: 
  sprites:
  - {fileID: 21300000, guid: 1860c045623d4499a8db81c0d4372acd, type: 3}
  - {fileID: 21300002, guid: 1860c045623d4499a8db81c0d4372acd, type: 3}
  - {fileID: 21300004, guid: 1860c045623d4499a8db81c0d4372acd, type: 3}
  - {fileID: 21300006, guid: 1860c045623d4499a8db81c0d4372acd, type: 3}
  - {fileID: 21300008, guid: 1860c045623d4499a8db81c0d4372acd, type: 3}
  - {fileID: 21300010, guid: 1860c045623d4499a8db81c0d4372acd, type: 3}
  - {fileID: 21300012, guid: 1860c045623d4499a8db81c0d4372acd, type: 3}
  idle: 0
  repeat: 1
  speed: 20
--- !u!212 &212372896061435200
SpriteRenderer:
  m_ObjectHideFlags: 1
  m_CorrespondingSourceObject: {fileID: 0}
  m_PrefabInternal: {fileID: 100100000}
  m_GameObject: {fileID: 1957598758551960}
  m_Enabled: 1
  m_CastShadows: 0
  m_ReceiveShadows: 0
  m_DynamicOccludee: 1
  m_MotionVectors: 1
  m_LightProbeUsage: 1
  m_ReflectionProbeUsage: 1
  m_RenderingLayerMask: 4294967295
  m_Materials:
  - {fileID: 10754, guid: 0000000000000000f000000000000000, type: 0}
  m_StaticBatchInfo:
    firstSubMesh: 0
    subMeshCount: 0
  m_StaticBatchRoot: {fileID: 0}
  m_ProbeAnchor: {fileID: 0}
  m_LightProbeVolumeOverride: {fileID: 0}
  m_ScaleInLightmap: 1
  m_PreserveUVs: 0
  m_IgnoreNormalsForChartDetection: 0
  m_ImportantGI: 0
  m_StitchLightmapSeams: 0
  m_SelectedEditorRenderState: 0
  m_MinimumChartSize: 4
  m_AutoUVMaxDistance: 0.5
  m_AutoUVMaxAngle: 89
  m_LightmapParameters: {fileID: 0}
  m_SortingLayerID: 0
  m_SortingLayer: 0
  m_SortingOrder: 0
  m_Sprite: {fileID: 21300000, guid: 1860c045623d4499a8db81c0d4372acd, type: 3}
  m_Color: {r: 1, g: 1, b: 1, a: 1}
  m_FlipX: 0
  m_FlipY: 0
  m_DrawMode: 0
  m_Size: {x: 0.32, y: 0.32}
  m_AdaptiveModeThreshold: 0.5
  m_SpriteTileMode: 0
  m_WasSpriteAssigned: 1
  m_MaskInteraction: 0
  m_SpriteSortPoint: 0
